% Encoding: UTF-8

@Article{Gerchberg_1972_Optik,
  author  = {Gerchberg, R. W.},
  title   = {A practical algorithm for the determination of phase from image and diffraction plane pictures},
  journal = {Optik},
  year    = {1972},
  volume  = {35},
  pages   = {237},
  url     = {http://ci.nii.ac.jp/naid/10010556614/en/},
}

@Article{Zheng_2013_NP,
  author    = {Zheng, Guoan and Horstmeyer, Roarke and Yang, Changhuei},
  title     = {Wide-field, high-resolution Fourier ptychographic microscopy},
  journal   = {Nature photonics},
  year      = {2013},
  volume    = {7},
  number    = {9},
  pages     = {739--745},
  publisher = {Nature Publishing Group},
}

@Comment{jabref-meta: databaseType:bibtex;}
